<?xml version="1.0" encoding="UTF-8"?><record xmlns="http://www.loc.gov/MARC21/slim" xmlns:cinclude="http://apache.org/cocoon/include/1.0" xmlns:zs="http://www.loc.gov/zing/srw/">
  <leader>00474nz  a2200145n  4500</leader>
  <controlfield tag="001">no 95051492 </controlfield>
  <controlfield tag="003">DLC</controlfield>
  <controlfield tag="005">19951031054633.3</controlfield>
  <controlfield tag="008">951030n| acannaab|          |a aaa     c</controlfield>
  <datafield tag="010" ind1=" " ind2=" ">
    <subfield code="a">no 95051492 </subfield>
  </datafield>
  <datafield tag="035" ind1=" " ind2=" ">
    <subfield code="a">(OCoLC)oca03948546 </subfield>
  </datafield>
  <datafield tag="040" ind1=" " ind2=" ">
    <subfield code="a">InU</subfield>
    <subfield code="c">InU</subfield>
  </datafield>
  <datafield tag="100" ind1="1" ind2="0">
    <subfield code="a">Kourov, V. G.</subfield>
    <subfield code="q">(Vladimir Grigorสนevich)</subfield>
  </datafield>
  <datafield tag="400" ind1="1" ind2="0">
    <subfield code="a">Kourov, Vladimir Grigorสนevich</subfield>
  </datafield>
  <datafield tag="670" ind1=" " ind2=" ">
    <subfield code="a">Adaptivnye pedagogicheskie programmnye sredstva, 1991:</subfield>
    <subfield code="b">t.p. (V.G. Kourov) colophon (Vladimir Grigorสนevich Kourov)</subfield>
  </datafield>
</record>